@inproceedings{labelsmoothing,
  title={1 Adversarial Perturbations of Deep Neural Networks},
  author={David Warde-Farley},
  year={2016}
}
